@inproceedings{hegde17ics,
 author = {\textbf{Nikhil Hegde} and Liu, Jianqiao and Kulkarni, Milind},
 title = {{SPIRIT: A Framework for Creating Distributed Recursive Tree Applications}},
 booktitle = {Proceedings of the International Conference on Supercomputing},
 series = {ICS '17},
 year = {2017},
 publisher = {ACM},
}

@inproceedings{hegde17ispass, 
author={\textbf{Nikhil Hegde} and Jianqiao Liu and Kirshanthan Sundararajah and Milind Kulkarni}, 
booktitle={2017 IEEE International Symposium on Performance Analysis of Systems and Software (ISPASS)}, 
title={{Treelogy: A benchmark suite for tree traversals}}, 
year={2017}, 
pages={227-238}, 
month={April}}

@misc{hegde19d2p,
title = {{D2P: An Inspector-Executor Based Approach to Automatically Creating Distributed Dynamic Programming Codes (in preparation)}},
author={\textbf{Nikhil Hegde} and Chang, Qifan and Kulkarni, Milind}}

@inproceedings{warren1992astrophysical,
  title={{Astrophysical N-body simulations using hierarchical tree data structures}},
  author={Warren, Michael S and Salmon, John K},
  booktitle={Proceedings of the 1992 ACM/IEEE Conference on Supercomputing},
  pages={570--576},
  year={1992},
  organization={IEEE Computer Society Press}
}

@INPROCEEDINGS{blocking,
 author = {Jo, Youngjoon and Kulkarni, Milind},
 title = {{Enhancing Locality for Recursive Traversals of Recursive Structures}},
 booktitle = {Proceedings of the 2011 ACM International Conference on Object Oriented Programming Systems Languages and Applications},
 series = {OOPSLA '11},
 year = {2011},
 location = {Portland, Oregon, USA},
 pages = {463--482},
 numpages = {20},
 acmid = {2048104},
 publisher = {ACM},
 address = {New York, NY, USA},
 keywords = {irregular programs, locality transformations, tree traversals},
}

@inproceedings{jo12oopsla,
	Acmid = {2384643},
	Address = {New York, NY, USA},
	Author = {Jo, Youngjoon and Kulkarni, Milind},
	Booktitle = {Proceedings of the ACM international conference on Object oriented programming systems languages and applications},
	Date-Added = {2015-03-24 12:18:01 +0000},
	Date-Modified = {2015-03-24 12:18:01 +0000},
	Doi = {10.1145/2384616.2384643},
	Isbn = {978-1-4503-1561-6},
	Keywords = {cache, irregular programs, locality transformations, temporal locality, tree traversals},
	Location = {Tucson, Arizona, USA},
	Numpages = {20},
	Pages = {355--374},
	Publisher = {ACM},
	Series = {OOPSLA '12},
	Title = {{Automatically enhancing locality for tree traversals with traversal splicing}},
	OPTUrl = {http://doi.acm.org/10.1145/2384616.2384643},
	Year = {2012},
	Bdsk-Url-1 = {http://doi.acm.org/10.1145/2384616.2384643},
	Bdsk-Url-2 = {http://dx.doi.org/10.1145/2384616.2384643}}


@inproceedings{ics16liu,
 author = {Liu, Jianqiao and \textbf{Nikhil Hegde} and Kulkarni, Milind},
 title = {{Hybrid CPU-GPU Scheduling and Execution of Tree Traversals}},
 booktitle = {Proceedings of the 2016 International Conference on Supercomputing},
 series = {ICS '16},
 year = {2016},
 isbn = {978-1-4503-4361-9},
 location = {Istanbul, Turkey},
 pages = {2:1--2:12},
 articleno = {2},
 numpages = {12},
 url = {http://doi.acm.org/10.1145/2925426.2926261},
 doi = {10.1145/2925426.2926261},
 acmid = {2926261},
 publisher = {ACM},
 address = {New York, NY, USA},
 keywords = {GPU, Heterogeneous architectures, Irregular applications, Scheduling, Tree traversal},
}
